@misc{javacv_api_doc,
    author = "Bytedeco",
    title = "JavaCV 1.4.3 API",
    note = "\url{"http://bytedeco.org/javacv/apidocs/}, zuletzt besucht am 12.11.2018"
}

@misc{vclj_libVlc,
	author = "VideoLan",
	title = "VideoLan Wiki",
	note = "\url{https://wiki.videolan.org/LibVLC/}, zuletzt besucht am 12.11.2018"
}
@misc{vclj_embeddedMediaPlayer,
	author = "Caprica GmbH",
	title = "Embedded Media Player",
	note = "\url{http://caprica.github.io/vlcj/javadoc/3.10.1/index.html?uk/co/caprica/vlcj/player/embedded/videosurface/CanvasVideoSurface.html}, zuletzt besucht am 12.11.2018"
}
@misc{vclj_samplePlayer,
	author = "MrBool",
	title = "Sample Media Player",
	note = "\url{http://mrbool.com/api-vlcj-creating-java-audio-video-players/33033}, zuletzt besucht am 12.11.2018"
}
@misc{vclj_videoSurface,
	author = "VideoLan",
	title = "VideoSurface",
	note = "\url{http://caprica.github.io/vlcj/javadoc/3.10.1/index.html?uk/co/caprica/vlcj/player/embedded/videosurface/CanvasVideoSurface.html}, zuletzt besucht am 12.11.2018"
}
@misc{xuggle_imediareader,
	author = "Xuggle",
	title = "Xuggle Documentation Website",
	note = "\url{http://www.xuggle.com/public/documentation/java/api/com/xuggle/mediatool/IMediaReader.html}, zuletzt besucht am 11.11.2018"
}
@misc{xuggle_imediaviewer,
	author = "Xuggle",
	title = "Xuggler Documentation Website",
	note = "\url{http://www.xuggle.com/public/documentation/java/api/com/xuggle/mediatool/IMediaViewer.html}, zuletzt besucht am 11.11.2018"
}
@misc{xuggle_mediapipeline,
	author = "Xuggle",
	title = "Xuggler Documentation Website",
	note = "\url{http://www.xuggle.com/public/documentation/java/api/com/xuggle/mediatool/package-summary.html}, zuletzt besucht am 12.11.2018"
}
@misc{java_def,
	author = "Wikipedia",
	title = "Java (Programmiersprache)",
	note = "\url{https://de.wikipedia.org/wiki/Java_(Programmiersprache)}, zuletzt besucht am 12.11.2018"
}
@misc{xml_def,
	author = "Wikipedia",
	title = "Extensible Markup Language",
	note = "\url{https://de.wikipedia.org/wiki/Extensible_Markup_Language}, zuletzt besucht am 12.11.2018"
}
@misc{parser_def,
	author = "Wikipedia",
	title = "Parser",
	note = "\url{https://de.wikipedia.org/wiki/Parser}, zuletzt besucht am 12.11.2018"
}
@misc{api_def,
	author = "Wikipedia",
	title = "Programmierschnittstelle",
	note = "\url{https://de.wikipedia.org/wiki/Programmierschnittstelle}, zuletzt besucht am 12.11.2018"
}
@misc{lib_def1,
	author = "Wikipedia",
	title = "Librarry (computing)",
	note = "\url{https://en.wikipedia.org/wiki/Library_(computing)}, zuletzt besucht am 12.11.2018"
}
@misc{lib_def2,
	author = "Wikipedia",
	title = "Programmbibliothek",
	note = "\url{https://de.wikipedia.org/wiki/Programmierschnittstelle}, zuletzt besucht am 12.11.2018"
}
@misc{gui_def,
	author = "Wikipedia",
	title = "Grafische Benutzeroberfl√§che",
	note = "\url{https://de.wikipedia.org/wiki/Grafische_Benutzeroberfl%C3%A4che}, zuletzt besucht am 12.11.2018"
}
@misc{sync_def,
	author = "Wikipedia",
	title = "Synchronisation",
	note = "\url{https://de.wikipedia.org/wiki/Synchronisation}, zuletzt besucht am 12.11.2018"
}
@misc{plat_def,
	author = "Wikipedia",
	title = "Computing platform",
	note = "\url{https://en.wikipedia.org/wiki/Computing_platform}, zuletzt besucht am 12.11.2018"
}
@misc{ide_def,
	author = "Wikipedia",
	title = "Integrated development enviroment",
	note = "\url{https://en.wikipedia.org/wiki/Integrated_development_environment}, zuletzt besucht am 12.11.2018"
}
@misc{fourier,
	author = "Wikipedia",
	title = "Fourier-Transformation",
	note = "\url{https://de.wikipedia.org/wiki/Fourier-Transformation}, zuletzt besucht am 12.11.2018"
}
@misc{framework_def,
	author = "Wikipedia",
	title = "Framework",
	note = "\url{https://de.wikipedia.org/wiki/Framework}, zuletzt besucht am 12.11.2018"
}
@misc{codec_def,
	author = "Wikipedia",
	title = "Codec",
	note = "\url{https://de.wikipedia.org/wiki/Codec}, zuletzt besucht am 12.11.2018"
}
@misc{encoder_def,
	author = "Wikipedia",
	title = "Kodierer",
	note = "\url{https://de.wikipedia.org/wiki/Kodierer}, zuletzt besucht am 12.11.2018"
}
@misc{decoder_def,
	author = "Wikipedia",
	title = "Dekodierer",
	note = "\url{https://de.wikipedia.org/wiki/Dekodierer}, zuletzt besucht am 12.11.2018"
}
